2686 4802
947 417 1068 523 ¹xvir
1158 365 1162 394 1

56 585 160 662 aliud
178 583 282 688 egit,
311 581 399 663 nisi
422 603 471 664 ut
492 587 758 670 Constantini
763 593 1070 772 Syntagrmm
1132 631 1152 697 ιΙ

927 711 1070 775 ontom

54 687 352 790 compendium
367 689 580 794 redigeret.
619 695 769 772 Alium
777 721 891 772 emm

52 805 225 867 nonest
261 806 465 883 sectatus,
514 796 598 869 nisi
630 795 749 894 quod
783 773 891 874 libro
921 810 1070 897 quarto

52 887 247 1012 plurima
243 893 399 970 habet
383 919 434 970 ιιι
452 911 617 986 statuas,
635 897 792 980 tabulas
804 899 1018 1080 gistris,
972 899 1072 974 alie-s
1169 903 1179 934 '

53 1003 151 1094 qne
169 993 272 1072 artis
316 1019 461 1114 opera,
488 1021 679 1096 quorum
708 1001 758 1074 ιιι
842 1001 1073 1080 onstantini

51 1123 191 1202 opere,
240 1097 367 1171 sicuti
393 1097 523 1192 hoo
510 1121 557 1175 111
587 1099 799 1178 Palatinis
817 1093 1075 1204 membranis

12 1263 13 1266 ,
50 1214 261 1286 servatum
291 1179 513 1290 habemus,
541 1201 726 1278 nulium
741 1217 816 1278 est
810 1191 1072 1305 testigiumz

12 1321 19 1374 f
48 1300 159 1376 unde
184 1301 452 1403 suspicamur
483 1299 713 1380 Planudem
736 1302 849 1382 illius
867 1305 1077 1382 Antliolo·
1149 1344 1152 1352 ¹

48 1403 133 1502 giae
156 1401 359 1477 habuisse
382 1405 543 1522 exempl
543 1428 637 1495 um,
679 1427 773 1481 uno
792 1393 875 1480 lioo
899 1403 960 1480 de
973 1407 1073 1482 artis

51 1505 249 1606 operibus
271 1504 404 1606 capite
420 1506 591 1582 auctius.
641 1503 850 1606 Ceterum
870 1515 1088 1610 magnum»

12 1689 13 1700 χ
49 1607 398 1707 epigrammatum
413 1623 638 1684 numerum
654 1599 808 1698 omisit,
826 1621 866 1682 et
883 1609 1074 1712 quidem‚¹

48 1723 209 1808 praeter
234 1709 441 1808 puerilem
463 1709 662 1786 Stratonis
688 1695 877 1800 Musam,
912 1714 1077 1802 omnia,

12 1829 151 1908 qnae
168 1807 405 1886 lascivioris
428 1823 566 1888 essent
581 1837 624 1886 ar
682 1814 834 1901 menti,
858 1827 955 1888 tum
965 1837 1073 1914 qarae
1139 1901 1143 1911 .

50 1911 100 1985 ob
128 1911 344 2012 graviores
363 1913 588 2012 scripturae
642 1915 824 2016 elpravat
826 1939 926 1990 ones
956 1915 1077 1993 bauti

49 2009 169 2087 facile
193 2013 375 2114 intelligi
388 2029 573 2188 gossem„
640 2015 817 2133 Siquid
842 2030 981 2093 autem
1001 2017 1072 2096 vel
1175 2057 1202 2120 '.

12 2101 95 2188 1111
110 2115 197 2190 hoc
220 2115 289 2188 vel
308 2141 357 2192 ex
375 2139 395 2187 a
414 2131 501 2190 tero
519 2141 666 2216 genere
685 2114 731 2194 in
753 2115 946 2194 ordinem
959 2145 1080 2196 rece«
1104 2135 1111 2142 ‘

49 2217 148 2316 pit,-
164 2218 214 2292 in
242 2214 322 2291 his
334 2216 586 2318 plerumque
609 2217 735 2293 verba
758 2219 911 2294 lasciva
924 2235 973 2296 ‘et
997 2217 1076 2295 ob-

51 2341 171 2393 scena
188 2343 288 2392 cum
302 2319 546 2394 castioribus
565 2321 850 2406 commutavit,
859 2320 912 2392 in
919 2308 1076 2438 depra-

50 2421 152 2496 vatis
171 2435 326 2494 autem
336 2421 462 2494 verba
488 2433 681 2520 corrupta
709 2433 779 2494 aut
807 2420 967 2508 omisit,
996 2435 1079 2498 aut
1126 2479 1130 2486 ,
1226 2427 1228 2434 '

12 2517 15 2612 1
12 2545 126 2624 pro
151 2522 273 2596 virili
295 2545 369 2595 sua
397 2537 513 2624 parte
544 2521 764 2597 emendare
796 2536 967 2596 conatus
1001 2537 1077 2598 eota
1133 2535 1168 2587 ι’

12 2627 198 2740 lQuum
227 2637 366 2697 autem
392 2640 589 2698 neutrum
609 2615 765 2698 horum
792 2624 846 2697 ei
858 2625 954 2698 satis
980 2616 1079 2700 feli-⁶-

12 2741 153 2799 crter
180 2723 389 2813 cessisset,
414 2723 575 2800 factum
599 2740 683 2815 est,
711 2739 779 2813 ut,
801 2725 1078 2803 Constantini

55 2827 306 2926 Anthologia
341 2851 390 2900 ex
415 2827 624 2916 tenebris,
677 2826 828 2926 quibus
854 2829 1079 2954 perplura

54 2928 216 3002 saecula
242 2927 398 3005 obruta
430 2925 632 3018 fuerat,
620 2953 665 3002 ιιι
695 2928 832 3002 lucem
853 2925 1094 3030 protractas

12 3023 15 3132 1
53 3029 251 3104 Planudis
277 3055 422 3130 opera,
460 3035 575 3126 cujus
603 3029 708 3118 ratio
742 3044 784 3104 et
796 3026 958 3105 modus
982 3047 1079 3105 tunt

12 3129 228 3208 demum
258 3133 454 3232 cognosci
482 3147 521 3206 et
546 3131 728 3230 intelligi
745 3146 925 3232 poterat,
955 3131 1078 3208 ado·
1133 3207 1139 3218 ,
1200 3147 1209 3168 ·

12 3177 16 3292 1
58 3233 724 3310 cnss1m1sh0m1n1busn0ns1ne
742 3257 895 3323 caussa
925 3233 1009 3323 sed,
1028 3245 1079 3306 ut
1127 3235 1149 3298 .'
1187 3235 1191 3242 ’

58 3336 159 3410 mihi
173 3333 351 3432 quidem
367 3325 555 3424 videtur,
581 3339 738 3430 majore
762 3359 887 3452 quam
901 3360 976 3435 par
992 3345 1080 3426 erat

12 3437 275 3514 acerbitate
292 3436 687 3536 reprehensionibus
706 3449 745 3510 et
762 3437 966 3512 conviciis
979 3448 1079 3538 pro·

12 3517 326 3614 ³scinderetun
455 3567 459 3571 ·

12 3727 13 3774 1
63 3743 154 3818 tini
176 3720 408 3844 Florilegio
432 3743 689 3860 antiquiores
710 3731 775 3815 illi
798 3742 1012 3839 Σιέφαιιοι
993 3762 1110 3823 una

66 3867 145 3921 cum
162 3845 302 3946 Κύκλοι
323 3837 520 3942 Agathiae
544 3837 772 3934 hominum
794 3831 1014 3932 manibus
1005 3864 1079 3925 ex-

61 3949 159 4024 cussi
184 3917 385 4034 fuerunt,
420 3947 478 4022 ita
507 3947 658 4045 ipsum
676 3945 944 4022 Constantini
972 3945 1079 4042 Syn

30 4063 182 4152 tagma
206 3999 414 4126 Planudis
438 4065 563 4148 op'ere
587 4048 650 4122 in
646 4041 918 4122 oblivionem
948 4044 1078 4120 addit·
1146 4070 1149 4078 ‘

57 4168 160 4232 ctum
182 4167 261 4228 est.
316 4151 429 4298 Nam
443 4165 540 4253 post
553 4163 718 4226 renatas
723 4149 893 4227 saeculo
913 4145 1128 4268 decimo
1175 4200 1178 4206 a

150 3642 440 3730 Sicutautem
469 3636 592 3759 quod·
605 3637 801 3736 diximus,
831 3641 1079 3739 Constan·
1178 3628 1182 3637 ’

1308 3573 1330 3766 1
